@inproceedings{PurcellH05,
  author    = {Chris Purcell and
               Tim Harris},
  title     = {Non-blocking Hashtables with Open Addressing},
  booktitle = {Proceedings of Distributed Computing, 19th International Conference, {DISC} 2005},
  pages     = {108--121},
  year      = {2005}
}

@article{ShalevS06,
  author    = {Ori Shalev and
               Nir Shavit},
  title     = {Split-ordered lists: Lock-free extensible hash tables},
  journal   = {J. {ACM}},
  volume    = {53},
  number    = {3},
  pages     = {379--405},
  year      = {2006}
}

@inproceedings{Michael02,
  author    = {Maged M. Michael},
  title     = {High performance dynamic lock-free hash tables and list-based sets},
  booktitle = {Proceedings of the Fourteenths Annual {ACM} Symposium on Parallel Algorithms
               and Architectures, {SPAA} 2002},
  pages     = {73--82},
  year      = {2002}
}

@inproceedings{FeldmanLD13,
  author    = {Steven D. Feldman and
               Pierre LaBorde and
               Damian Dechev},
  title     = {Concurrent multi-level arrays: Wait-free extensible hash maps},
  booktitle = {2013 International Conference on Embedded Computer Systems: Architectures,
               Modeling, and Simulation, {SAMOS} 2013},
  pages     = {155--163},
  year      = {2013}
}

@article{GaoGH05,
  author    = {Hui Gao and
               Jan Friso Groote and
               Wim H. Hesselink},
  title     = {Lock-free dynamic hash tables with open addressing},
  journal   = {Distributed Computing},
  volume    = {18},
  number    = {1},
  pages     = {21--42},
  year      = {2005}
}

@inproceedings{NielsenK16,
  author    = {Jesper Puge Nielsen and
               Sven Karlsson},
  title     = {A scalable lock-free hash table with open addressing},
  booktitle = {Proceedings of the 21st {ACM} {SIGPLAN} Symposium on Principles and
               Practice of Parallel Programming, PPoPP 2016},
  pages     = {33:1--33:2},
  year      = {2016}
}

@inproceedings{HerlihyST08,
  author    = {Maurice Herlihy and
               Nir Shavit and
               Moran Tzafrir},
  title     = {Hopscotch Hashing},
  booktitle = {Distributed Computing, 22nd International Symposium, {DISC} 2008},
  pages     = {350--364},
  year      = {2008}
}

@inproceedings{Harris01,
  author    = {Timothy L. Harris},
  title     = {A Pragmatic Implementation of Non-blocking Linked-Lists},
  booktitle = {Distributed Computing, 15th International Conference, {DISC} 2001},
  pages     = {300--314},
  year      = {2001}
}


@book{HerlihyS08_textbook,
  author    = {Maurice Herlihy and
               Nir Shavit}, 
  title     = {The Art of Multiprocessor Programming},
  publisher = {Morgan Kaufmann Publishers},
  year      = 2008,
}

@book{AttiyaW04,
 author    = "Hagit Attiya and Jennifer Welch",
 title     = "Distributed Computing: Fundamentals, Simulations, 
              and Advanced Topics",
 publisher = "Wiley-Interscience",
 year      =  2004,
 edition   = "2nd"
}

@book{CLRS,
 author    = {Thomas Cormen,
				Charles Leiserson, 
				Ronald Rivest and 
				Clifford Stein},
 title     = {Introduction to Algorithms},
 publisher = {MIT Press},
 year      =  2009,
 edition   = {3rd}
}

@inproceedings{FomitchevR04,
  author    = {Mikhail Fomitchev and
               Eric Ruppert},
  title     = {Lock-free linked lists and skip lists},
  booktitle = {Proceedings of the Twenty-Third Annual {ACM} Symposium on Principles
               of Distributed Computing (PODC)},
  pages     = {50--59},
  year      = {2004},
}


@article{Treiber86,
  author    = {R. Kent Treiber},
  title     = {Systems Programming: Coping with Parallelism},
  journal   = {IBM Technical Report RJ 5118},
  year      = {1986}
}

@inproceedings{Valois95,
  author    = {John D. Valois},
  title     = {Lock-Free Linked Lists Using Compare-and-Swap},
  booktitle = {Proceedings of the Fourteenth Annual {ACM} Symposium on Principles
               of Distributed Computing},
  pages     = {214--222},
  year      = {1995}
}

@inproceedings{EllenFHR13,
  author    = {Faith Ellen and
               Panagiota Fatourou and
               Joanna Helga and
               Eric Ruppert},
  title     = {The amortized complexity of non-blocking binary search trees},
  booktitle = {Proceedings of the Symposium on Principles of Distributed Computing (PODC)},
  pages     = {332--340},
  year      = {2014}
}

@inproceedings{EllenFRB10,
  author    = {Faith Ellen and
               Panagiota Fatourou and
               Eric Ruppert and
               Franck van Breugel},
  title     = {Non-blocking binary search trees},
  booktitle = {Proceedings of the 29th Annual {ACM} Symposium on Principles of Distributed
               Computing (PODC)},
  pages     = {131--140},
  year      = {2010}
}


@inproceedings{AttiyaF17,
  author    = {Hagit Attiya and
               Arie Fouren},
  title     = {Lower Bounds on the Amortized Time Complexity of Shared Objects},
  booktitle = {21st International Conference on Principles of Distributed Systems,
               {OPODIS}},
  pages     = {16:1--16:18},
  year      = {2017}
}

@inproceedings{ChatterjeeDT13,
  author    = {Bapi Chatterjee and
               Nhan Nguyen Dang and
               Philippas Tsigas},
  title     = {Efficient lock-free binary search trees},
  booktitle = {Proceedings of the {ACM} Symposium on Principles of Distributed Computing (PODC)},
  pages     = {322--331},
  year      = {2014}
}

@inproceedings{OshmanS13,
  author    = {Rotem Oshman and
               Nir Shavit},
  title     = {The SkipTrie: low-depth concurrent search without rebalancing},
  booktitle = {{ACM} Symposium on Principles of Distributed Computing, {PODC} '13},
  pages     = {23--32},
  year      = {2013}
}

@inproceedings{BrownER14,
  author    = {Trevor Brown and
               Faith Ellen and
               Eric Ruppert},
  title     = {A general technique for non-blocking trees},
  booktitle = {Proceedings of the Symposium on Principles and Practice of Parallel Programming (PPoPP)},
  pages     = {329--342},
  year      = {2014}
}

@InProceedings{Ko18,
  author =	{Jeremy Ko},
  title =	{{The Amortized Analysis of a Non-blocking Chromatic Tree}},
  booktitle =	{22nd International Conference on Principles of Distributed  Systems (OPODIS 2018)},
  pages =	{8:1--8:17},
  year =	{2018},
  volume =	{125}
}

@inproceedings{Shafiei15,
  author    = {Niloufar Shafiei},
  title     = {Non-Blocking Doubly-Linked Lists with Good Amortized Complexity},
  booktitle = {Proceedings of the 19th International Conference on Principles of Distributed Systems (OPODIS)},
  pages     = {35:1--35:17},
  year      = {2015}
}

@inproceedings{GibsonG15,
  author    = {Joel Gibson and
               Vincent Gramoli},
  title     = {Why Non-blocking Operations Should be Selfish},
  booktitle = {Proceedings of the Distributed Computing - 29th International Symposium (DISC)},
  pages     = {200--214},
  year      = {2015}
}

@inproceedings{RuppertBirs,
  author = {Eric Ruppert},
  title = {Analysing the Average Time Complexity of Lock-free Data Structures},
  booktitle = {Workshop on Complexity and Analysis of Distributed Algorithms},
  year = 2016,
  url = {https://www.birs.ca/events/2016/5-day-workshops/16w5152/videos/watch/201612011630-Ruppert.html}
}

@phdthesis{BrownThesis17,
  author    = {Trevor Brown},
  title    = {Techniques for Constructing Efficient Lock-Free Data 
  Structures},
  school    = {Department of Computer Science, University of Toronto},
  year      = {2017}
}

@inproceedings{AlistarhCS14,
  author    = {Dan Alistarh and
               Keren Censor{-}Hillel and
               Nir Shavit},
  title     = {Are lock-free concurrent algorithms practically wait-free?},
  booktitle = {Symposium on Theory of Computing, {STOC} 2014},
  pages     = {714--723},
  year      = {2014}

}